@article{liu2016adhesive,
  title={An adhesive CFD-DEM model for simulating nanoparticle agglomerate fluidization},
  author={Liu, Daoyin and van Wachem, Berend GM and Mudde, Robert F and Chen, Xiaoping and van Ommen, J Ruud},
  journal={AIChE Journal},
  volume={62},
  number={7},
  pages={2259--2270},
  year={2016},
  publisher={Wiley Online Library}
}

@article{lu2019experiments,
  title={Experiments and CFD-DEM simulations of cohesive particles sedimentation in stilled fluid},
  author={Lu, Runrun and Zhang, Lin and Ricoux, Philippe and Wang, Limin},
  journal={Powder technology},
  volume={356},
  pages={222--230},
  year={2019},
  publisher={Elsevier}
}

@article{trofa2019cfd,
  title={CFD-DEM simulations of particulate fouling in microchannels},
  author={Trofa, Marco and Dâ€™Avino, Gaetano and Sicignano, Luca and Tomaiuolo, Giovanna and Greco, Francesco and Maffettone, Pier Luca and Guido, Stefano},
  journal={Chemical Engineering Journal},
  volume={358},
  pages={91--100},
  year={2019},
  publisher={Elsevier}
}

@article{chen2021numerical,
  title={A numerical study on the sedimentation of adhesive particles in viscous fluids using LBM-LES-DEM},
  author={Chen, Hongsheng and Liu, Wenwei and Chen, Zhiwei and Zheng, Zhong},
  journal={Powder Technology},
  volume={391},
  pages={467--478},
  year={2021},
  publisher={Elsevier}
}
